@misc{r, 
	title = {{The R Project for Statistical Computing}},
	author = {The R Foundation},
	howpublished = "\url{https://www.r-project.org/}" 
}

@misc{mpa_gaby, 
	title = "Modelos probabilistas aplicados",
	author = "Gabriela Sánchez Y.",
	howpublished = "\url{https://github.com/Saphira3000/MPA}" 
}

@misc{inegi, 
	title = {Seguridad pública y justicia},
	author = {Instituto Nacional de Estadística y Geografía},
	howpublished = {\url{https://www.inegi.org.mx/datos/?t=0230}} 
}

@misc{rstatistics, 
	title = {R-statistics},
	author = {Selva Prabhakaran},
	howpublished = {\url{http://r-statistics.co/Statistical-Tests-in-R.html}} 
}


