@misc{sesnsp, 
	title = "Incidencia delictiva",
	author = "Secretariado Ejecutivo del Sistema Nacional de Seguridad PÃºblica",
	howpublished = "\url{https://www.gob.mx/sesnsp/acciones-y-programas/incidencia-delictiva-87005?idiom=es}" 
}