@misc{r, 
	title = {{The R Project for Statistical Computing}},
	author = {The R Foundation},
	howpublished = "\url{https://www.r-project.org/}" 
}

@misc{rstatistics, 
	title = {R-statistics},
	author = {Selva Prabhakaran},
	howpublished = {\url{http://r-statistics.co/Statistical-Tests-in-R.html}} 
}

@misc{mpa_gaby, 
	title = "Modelos probabilistas aplicados",
	author = "Gabriela SÃ¡nchez Y.",
	howpublished = "\url{https://github.com/Saphira3000/MPA}" 
}