@misc{inegi, 
	title = {Seguridad pública y justicia: victimización},
	author = {Instituto Nacional de Estadística y Geografía},
	howpublished = {\url{https://www.inegi.org.mx/temas/victimizacion/}} 
}

@misc{r, 
	title = {The {R} {Project} for {Statistical} {Computing}},
	howpublished = {\url{https://www.r-project.org/}} 
}