@misc{r, 
	title = {{The R Project for Statistical Computing}},
	author = {The R Foundation},
	howpublished = "\url{https://www.r-project.org/}" 
}

@misc{mpa_gaby, 
	title = "Modelos probabilistas aplicados",
	author = "Gabriela Sánchez Y.",
	howpublished = "\url{https://github.com/Saphira3000/MPA}" 
}

@misc{wiki_lcg,
	author = "Wikipedia",
	title = "Linear congruential generator",
	howpublished = "\url{https://en.wikipedia.org/wiki/Linear\_congruential\_generator}"
}

@misc{wiki_bmt,
	author = {Wikipedia},
	title = {Box–Muller transform},
	howpublished = "\url{https://en.wikipedia.org/wiki/Box\%E2\%80\%93Muller\_transform}"
}

@misc{kruskal_test,
	author = {Joaquín Amat Rodrigo},
	title = {Kruskal-Wallis test},
	howpublished = "\url{https://rpubs.com/Joaquin_AR/219504}"
}
