@misc{lect1, 
	title = {{Covid-19 test accuracy supplement: The math of Bayes’ Theorem}},
	author = {Jeffrey L. Schnipper and Paul E. Sax},
	howpublished = {\url{https://www.statnews.com/2020/08/20/covid-19-test-accuracy-supplement-the-math-of-bayes-theorem/}},
	year = 2020 
}

@misc{lect2, 
	title = {{Bayes’ theorem and Covid-19 testing}},
	author = {Michael A. Lewis},
	howpublished = {\url{https://www.significancemagazine.com/science/660-bayes-theorem-and-covid-19-testing}},
	year = 2020 
}

@misc{lect3, 
	title = {{COVID-19, Bayes’ theorem and taking probabilistic decisions}},
	author = {Towards Data Science},
	howpublished = {\url{https://towardsdatascience.com/covid-19-bayes-theorem-and-taking-data-driven-decisions-part-1-b61e2c2b3bea}},
	year = 2020 
}

@article{good2020,
	title={{Interpreting COVID-19 Test Results: a Bayesian Approach}},
	author={Good, Chester B and Hernandez, Inmaculada and Smith, Kenneth},
	journal={Journal of General Internal Medicine},
	publisher={Nature Publishing Group},
	year = 2020
}

@article{chan2020,
	title={{Bayes' theorem, COVID19, and screening tests}},
	author={Chan, Gar Ming},
	journal={The American Journal of Emergency Medicine},
	year={2020},
	publisher={Elsevier}
}

@article{regalado2009,
	title = {{El teorema de Bayes y su utilización en la interpretación de las pruebas diagnósticas en el laboratorio clínico}},
	journal = {{Revista Cubana de Investigaciones Biomédicas}},
	author={Fernández Regalado, Raúl},
	volume = {28},
	year = {2009},
	publisher = {scielocu}
}

@book{prob2003,
	author = {Grinstead, Charles M. and Snell, J. Laurie},
	howpublished = {GNU FDL PDF online},
	publisher = {AMS},
	title = {Introduction to Probability},
	url = {http://www.dartmouth.edu/~chance/teaching_aids/books_articles/probability_book/book.html},
	year = 2003
}

@article{pita2003,
	title={Pruebas diagn{\'o}sticas: Sensibilidad y especificidad},
	author={Fern{\'a}ndez S., Pita and D{\'\i}az S., P{\'e}rtegas},
	journal={Cad Aten Primaria},
	volume={10},
	year={2003}
}

@misc{fda, 
	title = {{Conceptos básicos de las pruebas para el coronavirus}},
	author = {FDA},
	howpublished = {\url{https://www.fda.gov/consumers/articulos-en-espanol/conceptos-basicos-de-las-pruebas-para-el-coronavirus}},
	year = 2020 
}

@misc{michoacan, 
	title = {{Michoacán coronavirus Covid-19}},
	author = {Gobierno del estado de Michoacán},
	howpublished = {\url{https://michoacancoronavirus.com/}},
}

@misc{inegi, 
	title = {Población total por entidad federativa y grupo quinquenal de edad según sexo, 1990 a 2010},
	author = {Instituto Nacional de Estadística y Geografía},
	howpublished = {\url{https://www.inegi.org.mx/app/tabulados/interactivos/?px=Poblacion_01&bd=Poblacion}} 
}