@misc{r, 
	title = {{The R Project for Statistical Computing}},
	author = {{The R Foundation}},
	howpublished = {\url{https://www.r-project.org/}} 
}

@misc{textMining, 
	title = {{Text Mining with R}},
	author = {{Julia Silge and David Robinson}},
	howpublished = {\url{https://www.tidytextmining.com/tidytext.html}} 
}
