@misc{r, 
	title = {{The R Project for Statistical Computing}},
	author = {The R Foundation},
	howpublished = "\url{https://www.r-project.org/}" 
}

@misc{mpa_gaby, 
	title = "Modelos probabilistas aplicados",
	author = "Gabriela Sánchez Y.",
	howpublished = "\url{https://github.com/Saphira3000/MPA}" 
}

@misc{rstatistics, 
	title = {R-statistics},
	author = {Selva Prabhakaran},
	howpublished = {\url{http://r-statistics.co/Statistical-Tests-in-R.html}} 
}

@book{prob2003,
	author = {Grinstead, Charles M. and Snell, J. Laurie},
	howpublished = {GNU FDL PDF online},
	publisher = {AMS},
	title = {Introduction to Probability},
	url = {http://www.dartmouth.edu/~chance/teaching_aids/books_articles/probability_book/book.html},
	year = 2003
}

@misc{inegi, 
	title = {Seguridad pública y justicia},
	author = {Instituto Nacional de Estadística y Geografía},
	howpublished = {\url{https://www.inegi.org.mx/datos/?t=0230}} 
}

@misc{minitab, 
	title = {¿Qué es una prueba de chi-cuadrada?},
	author = {Minitab 18},
	howpublished = {\url{https://support.minitab.com/es-mx/minitab/18/help-and-how-to/statistics/tables/supporting-topics/chi-square/what-is-a-chi-square-test/}} 
}
