@misc{r, 
	title = {{The R Project for Statistical Computing}},
	author = {The R Foundation},
	howpublished = "\url{https://www.r-project.org/}" 
}

@misc{textMining, 
	title = "Text Mining with R",
	author = "Julia Silge and David Robinson",
	howpublished = "\url{https://www.tidytextmining.com/tidytext.html}" 
}

@misc{mpa_gaby, 
	title = "Modelos probabilistas aplicados",
	author = "Gabriela Sánchez Y.",
	howpublished = "\url{https://github.com/Saphira3000/MPA}" 
}

@misc{pg, 
	title = {{Project Gutenberg: library of free eBooks}},
	author = "Project Gutenberg",
	howpublished = "\url{http://www.gutenberg.org/}" 
}

@book{peterpan,
	author = "James M. Barrie", 
	title = "Peter Pan (Peter Pan and Wendy)",
	publisher = "Charles Scribner's Sons",
	year = "1911"
}

@book{anne,
	author = "L. M. Montgomery and M. A. Claus and  W. A. J. Claus", 
	title = "Anne of Green Gables",
	publisher = {L.C. Page \& Co},
	year = "1908",
}

@misc{mpa_alberto, 
	title = "Modelos probabilistas aplicados -- Tarea 3",
	author = "J. Alberto Benavides Vázquez",
	howpublished = "\url{https://github.com/jbenavidesv87/probabilidad/blob/master/tema3/tarea.ipynb}" 
}

@misc{notas_mpa, 
	title = "Modelos probabilistas aplicados: notas del curso",
	author = "Elisa Schaeffer",
	howpublished = "\url{https://elisa.dyndns-web.com/teaching/prob/pisis/prob.html#ut2}" 
}

