@mastersthesis{tesis,
	author = "S\'anchez-Yepez, Gabriela", 
	title = "Optimizaci\'on de la planificaci\'on de servicios", 
	school = "Posgrado en Ingenier\'ia de Sistemas, Universidad Aut\'onoma de Nuevo Le\'on", 
	year = 2019
}

@article{chao1996,
	title = {The team orienteering problem},
	journal = {European Journal of Operational Research},
	volume = {88},
	number = {3},
	pages = {464 - 474},
	year = {1996},
	issn = {0377-2217},
	author = {I-Ming Chao and Bruce L. Golden and Edward A. Wasil},
}

@misc{r, 
	title = {{The R Project for Statistical Computing}},
	author = {{The R Foundation}},
	howpublished = "\url{https://www.r-project.org/}" 
}

@book{degroot2012,
	title={Probability and Statistics},
	author={DeGroot, M.H. and Schervish, M.J.},
	isbn={9780321500465},
	lccn={2010001486},
	year={2012},
	publisher={Addison-Wesley}
}