@misc{r, 
	title = {{The R Project for Statistical Computing}},
	author = {The R Foundation},
	howpublished = "\url{https://www.r-project.org/}" 
}

@misc{rstatistics, 
	title = {R-statistics},
	author = {Selva Prabhakaran},
	howpublished = {\url{http://r-statistics.co/Statistical-Tests-in-R.html}} 
}

@misc{mpa_gaby, 
	title = "Modelos probabilistas aplicados",
	author = "Gabriela SÃ¡nchez Y.",
	howpublished = "\url{https://github.com/Saphira3000/MPA}" 
}

@book{prob2003,
	author = {Grinstead, Charles M. and Snell, J. Laurie},
	howpublished = {GNU FDL PDF online},
	publisher = {AMS},
	title = {Introduction to Probability},
	url = {http://www.dartmouth.edu/~chance/teaching_aids/books_articles/probability_book/book.html},
	year = 2003
}

@misc{datascience, 
	title = "Central Limit Theorem In Action And examples from its practical applications",
	author = "Towards Data Science",
	howpublished = "\url{https://towardsdatascience.com/central-limit-theorem-in-action-1d4832599b7f}" 
}